

@misc{closeness,
	author = "Department of Science and Environmental Studies, The Hong Kong Institute of Education",
	title = "ADo recommender systems benefit users? a modeling approach",
	howpublished = "\url{https://iopscience.iop.org/article/10.1088/1742-5468/2016/04/043401/meta}",
}

@misc{overload,
	author = "Bawden D.,  Robinson L.",
	title = "Information Overload: An Overview",
	howpublished = "\url{https://openaccess.city.ac.uk/id/eprint/23544/}",
}

@misc{types,
	author = "Poonam B. Thorat, R. M. Goudar, Sunita Barve",
	title = "Survey on Collaborative Filtering, Content-based
Filtering and Hybrid Recommendation System",
	howpublished = "\url{https://d1wqtxts1xzle7.cloudfront.net/59762468/10.1.1.695.642820190617-91457-z4s1rf-libre.pdf?1560756140=&response-content-disposition=inline%3B+filename%3DSurvey_on_Collaborative_Filtering_Conten.pdf&Expires=1730151339&Signature=eFdXXuRkeRZ3KfZASPWyaECVUDVU~8p-fCNI0ipSLKk~Z5~qGLo4-lhk4CKerMu216s7MyVlGC98n7Ttyp8TBGOha1RDufdqAtndNTui~GhP3zI~Eot-eBqGRFD7S0gl69Kz05EavLEr-d9Z86~PNAwihtP4fDPo-HVn7oYUwVkgPUJq2xtBoMsV~LOaK1T0ctfQ5yKJRBUKXOkaS-itOf2r5h~vdNeGaEcc5hIq6LccnH5i0QFR~1MuRf2SZlULE~ydEnPOd8eX8T3IEH19mI7i7G~j5~QvVEyQK5d1PrYFlHAuoLFDRJyAIhqpwsjicZ-tDJHwykpzHjF5esij~A__&Key-Pair-Id=APKAJLOHF5GGSLRBV4ZA}",
} 

@misc{comerce,
	author = "J. Ben Schafer, Joseph Konstan, John Riedl",
	title = "Recommender Systems in E-Commerce",
	howpublished = "\url{https://dl.acm.org/doi/pdf/10.1145/336992.337035}",
}

@misc{business,
	author = "Nada Ghanem, Stephan Leitner, Dietmar Jannach",
	title = "Balancing consumer and business value of recommender systems: A simulation-based analysis",
	howpublished = "\url{https://www.sciencedirect.com/science/article/pii/S1567422322000783}",
}

@misc{store,
	author = "Frank E Walter Stefano Battiston,  Mahir Yildirim, Frank Schweitzer",
	title = "Moving recommender systems from on-line commerce to retail stores",
	howpublished = "\url{https://link.springer.com/article/10.1007/s10257-011-0170-8}",
}